@BOOK{Koch16,
title={FPGAs for Software Programmers},
author={Dirk Koch and Frank Hannig and Daniel Ziener},
publisher={Springer International},
year={2016}
}

@BOOK{Kilts07,
title={Advanced FPGA Design - Architecture, Implementation, and Optimization},
author={Steve Kilts},
publisher={John Wiley \& Sons},
year={2007}
}

@BOOK{DeSchryver15,
title={FPGA Based Accelerators for Financial Applications},
author={Christian De Schryver},
publisher={Springer International},
year={2015}
}

@BOOK{TeubnerWoods13,
title={Data Processing on FPGAs},
author={Jens Teubner and Louis Woods},
publisher={Morgan \& Claypool Publishers},
year={2013}
}

@unpublished{HFT,
author={Christian Leber and Benjamin Geib and Heiner Litz}, 
title={High Frequency Trading Acceleration using FPGAs}
}

@unpublished{graph-fpga,
author={Shijie Zhou and Charalampos Chelmis and Viktor K. Prasanna},
title={High-throughput and Energy-efficient Graph Processing on FPGA}
}

@unpublished{equi-join,
author={Ren Chen and Viktor K. Prasanna},
title={Accelerating Equi-Join on a CPU-FPGA Heterogeneous Platform}
}

@unpublished{short-read-align,
author={Chad Nelson and Kevin Townsend and Bhavani Satyanarayana Rao and Phillip Jones and Joseph Zambreno},
title={Shepard: A Fast Exact Match Short Read Aligner}
}

@unpublished{exploring-sequence-align,
author={Xin Chang and Fernando A. Escobar and Carlos Valderrama and Vincent Robert},
title={Exploring Sequence Alignment Algorithms on FPGA-based Heterogeneous Architectures},
}

@unpublished{cnn-syntetic,
author={Clément Farabet and Berin Martini and Polina Akselrod and Selçuk Talay and Yann LeCun and Eugenio Culurciello},
title={Hardware Accelerated Convolutional Neural Networks for Synthetic Vision Systems}
}

@unpublished{accelerating-cnn,
author={Kalin Ovtcharov and Olatunji Ruwase and Joo-Young Kim and Jeremy Fowers and Karin Strauss and Eric S. Chung},
title={Accelerating Deep Convolutional Neural Networks Using Specialized Hardware}
}
