@Book{beller2013,
author = {Beller, T. and Gog, S. and Ohlebusch, E. and Schnattinger, T.},
title = {Computing the longest common prefix array based on the Burrows-Wheeler transform},
organization = {Institute of Theoretical Computer Science, University of Ulm, 89069 Ulm, Germany},
publisher = {Elsevier B.V.},
year = {2013}
}

@Book{studenti2017,
author = {Mrčela, L. and Škaro, A. and Žužul, A.},
title = {Računanje najduljeg zajedničkog prefiksa temeljeno na BWT},
organization = {Fakultet elektrotehnike i računarstva, Sveučilište u Zagrebu, Croatia},
year = {2017}
}
